<?xml version="1.0" encoding="UTF-8"?><collection xmlns="http://www.loc.gov/MARC21/slim"><record><leader>00587nam--2200205-u-4500</leader><controlfield tag="001">000052870</controlfield><controlfield tag="002">20161230</controlfield><controlfield tag="005">20161230201050</controlfield><controlfield tag="008">101124s1000------------r-----000-0-rus-d</controlfield><datafield ind1=" " ind2=" " tag="040"><subfield code="a">IFIN-HH</subfield></datafield><datafield ind1=" " ind2=" " tag="041"><subfield code="a">rus</subfield></datafield><datafield ind1=" " ind2=" " tag="080"><subfield code="a">535.8</subfield></datafield><datafield ind1="1" ind2=" " tag="100"><subfield code="a">Shannon, Robert R</subfield></datafield><datafield ind1="1" ind2="0" tag="245"><subfield code="a">Proektirovanie opticeskih sistem</subfield><subfield code="c">Robert r. shannon; james c. wyant</subfield></datafield><datafield ind1=" " ind2=" " tag="260"><subfield code="a">Moskva</subfield><subfield code="b">Mir</subfield><subfield code="c">1983</subfield></datafield><datafield ind1=" " ind2=" " tag="300"><subfield code="a">430 P</subfield></datafield><datafield ind1=" " ind2=" " tag="500"><subfield code="a">Titlul original in limba engleza: APPLIED OPTICS AND OPTICAL ENGINEERING. VOLUME VIII</subfield></datafield><datafield ind1="1" ind2=" " tag="700"><subfield code="a">Wyant, James C</subfield></datafield><datafield ind1=" " ind2=" " tag="852"><subfield code="a">71648</subfield><subfield code="c">535</subfield></datafield><datafield ind1=" " ind2=" " tag="CAT"><subfield code="a">Sys</subfield><subfield code="c">20101124</subfield><subfield code="h">160622</subfield></datafield></record></collection>